@article{calovi,
  title={Disentangling and modeling interactions in fish with burst-and-coast swimming},
  author={Calovi, Daniel S and Litchinko, Alexandra and Lecheval, Valentin and Lopez, Ugo and Escudero, Alfonso P{\'e}rez and Chat{\'e}, Hugues and Sire, Cl{\'e}ment and Theraulaz, Guy},
  journal={arXiv preprint arXiv:1703.03801},
  year=2017
}

@article{discreteModes,
  title={Discrete modes of social information processing predict individual behavior of fish in a group},
  author={Harpaz, Roy and Tka{\v{c}}ik, Ga{\v{s}}per and Schneidman, Elad},
  journal={Proceedings of the National Academy of Sciences},
  pages={201703817},
  year={2017},
  publisher={National Acad Sciences}
}

@article{mdn,
  title={Mixture density networks},
  author={Bishop, Christopher M},
  year={1994},
  publisher={Aston University}
}